@article{Shlens:2005pca,
   author = {Shlens, Jonathon},
   title = {A Tutorial on Principal Component Analysis},
   year = {2005}
}
